<?xml version="1.0" encoding="UTF-8"?>
<OAI-PMH xmlns="http://www.openarchives.org/OAI/2.0/" xmlns:xsi="http://www.w3.org/2001/XMLSchema-instance" xsi:schemaLocation="http://www.openarchives.org/OAI/2.0/ http://www.openarchives.org/OAI/2.0/OAI-PMH.xsd">
  <ListRecords>
    <record>
      <header>
        <identifier>aleph-publish:036584228</identifier>
      </header>
      <metadata>
        <record xmlns="http://www.ddb.de/professionell/mabxml/mabxml-1.xsd">
          <leader>00000nM2.01200024------h</leader>
          <controlfield tag="LDR">00000nM2.01200024------h</controlfield>
          <controlfield tag="FMT">MH</controlfield>
          <datafield tag="001" ind1="-" ind2="1">
            <subfield code="a">HT020391499</subfield>
          </datafield>
          <datafield tag="002" ind1="a" ind2="1">
            <subfield code="a">20200309</subfield>
          </datafield>
          <datafield tag="004" ind1="-" ind2="1">
            <subfield code="a">20200301</subfield>
          </datafield>
          <datafield tag="020" ind1="-" ind2="1">
            <subfield code="a">(FR-PaOEC)78acc736-fr</subfield>
            <subfield code="b">OECD</subfield>
          </datafield>
          <datafield tag="025" ind1="-" ind2="1">
            <subfield code="a">78acc736-fr</subfield>
          </datafield>
          <datafield tag="026" ind1="-" ind2="1">
            <subfield code="a">HBZHT020391499</subfield>
          </datafield>
          <controlfield tag="030">a|1uc||||||37</controlfield>
          <datafield tag="037" ind1="b" ind2="1">
            <subfield code="a">fre</subfield>
          </datafield>
          <controlfield tag="050">||||||||g|||||</controlfield>
          <controlfield tag="051">s|||||||</controlfield>
          <datafield tag="070" ind1="-" ind2="1">
            <subfield code="a">OECD</subfield>
          </datafield>
          <datafield tag="070" ind1="a" ind2="1">
            <subfield code="a">OECD</subfield>
          </datafield>
          <datafield tag="078" ind1="e" ind2="1">
            <subfield code="a">ZDB-13-SOC</subfield>
            <subfield code="a">ZDB-13-SOC-article</subfield>
          </datafield>
          <datafield tag="200" ind1="b" ind2="1">
            <subfield code="a">Organisation de coopération et de développement économiques</subfield>
          </datafield>
          <datafield tag="331" ind1="-" ind2="1">
            <subfield code="a">L’importance de l’Objectif de développement durable relatif à l’éducation (ODD 4) pour les pays de l’OCDE</subfield>
          </datafield>
          <datafield tag="334" ind1="-" ind2="1">
            <subfield code="a">Elektronische Ressource</subfield>
          </datafield>
          <datafield tag="359" ind1="-" ind2="1">
            <subfield code="a">Organisation de coopération et de développement économiques</subfield>
          </datafield>
          <datafield tag="410" ind1="-" ind2="1">
            <subfield code="a">Paris</subfield>
          </datafield>
          <datafield tag="412" ind1="-" ind2="1">
            <subfield code="a">OECD Publishing</subfield>
          </datafield>
          <datafield tag="425" ind1="a" ind2="1">
            <subfield code="a">2020</subfield>
          </datafield>
          <datafield tag="433" ind1="-" ind2="1">
            <subfield code="a">7 p.</subfield>
          </datafield>
          <datafield tag="451" ind1="-" ind2="1">
            <subfield code="a">Les indicateurs de l'éducation à la loupe ; no.67</subfield>
          </datafield>
          <datafield tag="452" ind1="a" ind2="1">
            <subfield code="a">22267093</subfield>
          </datafield>
          <datafield tag="652" ind1="a" ind2="1">
            <subfield code="a">Online-Ressource</subfield>
          </datafield>
          <datafield tag="655" ind1="e" ind2="1">
            <subfield code="u">https://doi.org/10.1787/78acc736-fr</subfield>
            <subfield code="x">Resolving-System</subfield>
          </datafield>
          <datafield tag="775" ind1="-" ind2="1">
            <subfield code="i">Parallelausgabe</subfield>
            <subfield code="t">Why does the Sustainable Development Goal on Education (SDG 4) matter for OECD countries?</subfield>
          </datafield>
          <controlfield tag="SYS">036584228</controlfield>
          <datafield tag="LOW" ind1="-" ind2="1">
            <subfield code="a">B0001</subfield>
          </datafield>
          <datafield tag="LOW" ind1="-" ind2="1">
            <subfield code="a">C0001</subfield>
          </datafield>
          <datafield tag="LOW" ind1="-" ind2="1">
            <subfield code="a">G5001</subfield>
          </datafield>
          <datafield tag="LOW" ind1="-" ind2="1">
            <subfield code="a">J5001</subfield>
          </datafield>
          <datafield tag="LOW" ind1="-" ind2="1">
            <subfield code="a">M0001</subfield>
          </datafield>
          <datafield tag="LOW" ind1="-" ind2="1">
            <subfield code="a">M5001</subfield>
          </datafield>
          <datafield tag="LOW" ind1="-" ind2="1">
            <subfield code="a">U5001</subfield>
          </datafield>
          <datafield tag="LOW" ind1="-" ind2="1">
            <subfield code="a">X5001</subfield>
          </datafield>
          <datafield tag="LAL" ind1="-" ind2="1">
            <subfield code="a">DUE</subfield>
            <subfield code="b">X0001</subfield>
          </datafield>
          <datafield tag="LAL" ind1="-" ind2="1">
            <subfield code="a">FUH</subfield>
            <subfield code="b">F0001</subfield>
          </datafield>
          <datafield tag="LAL" ind1="-" ind2="1">
            <subfield code="a">KHTIT</subfield>
            <subfield code="b">Z9039</subfield>
          </datafield>
          <datafield tag="LAL" ind1="-" ind2="1">
            <subfield code="a">PAD</subfield>
            <subfield code="b">P0001</subfield>
          </datafield>
          <datafield tag="088" ind1=" " ind2=" ">
            <subfield code="a">Dm 13</subfield>
          </datafield>
          <datafield tag="088" ind1=" " ind2=" ">
            <subfield code="a">294</subfield>
          </datafield>
          <datafield tag="088" ind1=" " ind2=" ">
            <subfield code="a">361</subfield>
          </datafield>
          <datafield tag="088" ind1=" " ind2=" ">
            <subfield code="a">708</subfield>
          </datafield>
          <datafield tag="088" ind1=" " ind2=" ">
            <subfield code="a">1010</subfield>
          </datafield>
          <datafield tag="088" ind1=" " ind2=" ">
            <subfield code="a">1044</subfield>
          </datafield>
          <datafield tag="088" ind1=" " ind2=" ">
            <subfield code="a">6</subfield>
          </datafield>
          <datafield tag="088" ind1=" " ind2=" ">
            <subfield code="a">836</subfield>
          </datafield>
          <datafield tag="088" ind1=" " ind2=" ">
            <subfield code="a">466</subfield>
          </datafield>
          <datafield tag="088" ind1=" " ind2=" ">
            <subfield code="a">61</subfield>
          </datafield>
          <datafield tag="088" ind1=" " ind2=" ">
            <subfield code="a">Dü 62</subfield>
          </datafield>
          <datafield tag="088" ind1=" " ind2=" ">
            <subfield code="a">1032</subfield>
          </datafield>
          <datafield tag="EB1" ind1=" " ind2="9">
            <subfield code="a">eb1</subfield>
            <subfield code="2">U5001</subfield>
          </datafield>
          <datafield tag="EB1" ind1=" " ind2="9">
            <subfield code="a">eb1</subfield>
            <subfield code="2">B0001</subfield>
          </datafield>
          <datafield tag="EB1" ind1=" " ind2="9">
            <subfield code="a">eb1</subfield>
            <subfield code="2">C0001</subfield>
          </datafield>
          <datafield tag="EB1" ind1=" " ind2="9">
            <subfield code="a">eb1</subfield>
            <subfield code="2">F0001</subfield>
          </datafield>
          <datafield tag="EB1" ind1=" " ind2="9">
            <subfield code="a">eb1</subfield>
            <subfield code="2">G5001</subfield>
          </datafield>
          <datafield tag="EB1" ind1=" " ind2="9">
            <subfield code="a">eb1</subfield>
            <subfield code="2">J5001</subfield>
          </datafield>
          <datafield tag="EB1" ind1=" " ind2="9">
            <subfield code="a">eb1</subfield>
            <subfield code="2">M0001</subfield>
          </datafield>
          <datafield tag="EB1" ind1=" " ind2="9">
            <subfield code="a">eb1</subfield>
            <subfield code="2">M5001</subfield>
          </datafield>
          <datafield tag="EB1" ind1=" " ind2="9">
            <subfield code="a">eb1</subfield>
            <subfield code="2">P0001</subfield>
          </datafield>
          <datafield tag="EB1" ind1=" " ind2="9">
            <subfield code="a">eb1</subfield>
            <subfield code="2">X0001</subfield>
          </datafield>
          <datafield tag="EB1" ind1=" " ind2="9">
            <subfield code="a">eb1</subfield>
            <subfield code="2">X5001</subfield>
          </datafield>
          <datafield tag="EB1" ind1=" " ind2="9">
            <subfield code="a">eb1</subfield>
            <subfield code="2">Z9039</subfield>
          </datafield>
        </record>
      </metadata>
    </record>
  </ListRecords>
</OAI-PMH>
